@article{Harrow_2012,
  doi = {10.1101/gr.135350.111},
  url = {http://dx.doi.org/10.1101/gr.135350.111},
  year = {2012},
  month = {sep},
  publisher = {Cold Spring Harbor Laboratory Press},
  volume = {22},
  number = {9},
  pages = {1760--1774},
  author = {J. Harrow and A. Frankish and J.M. Gonzalez and E. Tapanari and M. Diekhans and F. Kokocinski and B.L. Aken and D. Barrell and A. Zadissa and S. Searle et al.},
  title = {{{GENCODE}: The reference human genome annotation for The {ENCODE} Project}},
  journal = {Genome Research},
}


@article{Dougherty_2005,
  doi = {10.1016/j.neuron.2005.01.007},
  url = {http://dx.doi.org/10.1016/j.neuron.2005.01.007},
  year = {2005},
  month = {jan},
  publisher = {Elsevier {BV}},
  volume = {45},
  number = {2},
  pages = {183--185},
  author = {J.D. Dougherty and D.H. Geschwind},
  title = {{Progress in Realizing the Promise of Microarrays in Systems Neurobiology}},
  journal = {Neuron},
}


@article{Sugino_2005,
  doi = {10.1038/nn1618},
  url = {http://dx.doi.org/10.1038/nn1618},
  year = {2005},
  month = {dec},
  publisher = {Nature Publishing Group},
  volume = {9},
  number = {1},
  pages = {99--107},
  author = {K. Sugino and C.M. Hempel and M.N. Miller and A.M. Hattox and P. Shapiro and C. Wu and Z.J. Huang and S.B. Nelson},
  title = {{Molecular taxonomy of major neuronal classes in the adult mouse forebrain}},
  journal = {Nature Neuroscience},
}


@article{Sugino_2014,
  doi = {10.1523/jneurosci.2674-14.2014},
  url = {http://dx.doi.org/10.1523/jneurosci.2674-14.2014},
  year = {2014},
  month = {sep},
  publisher = {Society for Neuroscience},
  volume = {34},
  number = {38},
  pages = {12877--12883},
  author = {K. Sugino and C.M. Hempel and B.W. Okaty and H.A. Arnson and S. Kato and V.S. Dani and S.B. Nelson},
  title = {{Cell-Type-Specific Repression by Methyl-{CpG}-Binding Protein 2 Is Biased toward Long Genes}},
  journal = {Journal of Neuroscience},
}


@article{Hempel_2007,
  doi = {10.1038/nprot.2007.416},
  url = {http://dx.doi.org/10.1038/nprot.2007.416},
  year = {2007},
  month = {nov},
  publisher = {Nature Publishing Group},
  volume = {2},
  number = {11},
  pages = {2924--2929},
  author = {C.M. Hempel and K. Sugino and S.B. Nelson},
  title = {{A manual method for the purification of fluorescently labeled neurons from the mammalian brain}},
  journal = {Nat Protoc},
}


@article{Oshlack_2009,
  doi = {10.1186/1745-6150-4-14},
  url = {http://dx.doi.org/10.1186/1745-6150-4-14},
  year = {2009},
  publisher = {Springer Science $\mathplus$ Business Media},
  volume = {4},
  number = {1},
  pages = {14},
  author = {A. Oshlack and M.J. Wakefield},
  title = {{Transcript length bias in {RNA}-seq data confounds systems biology}},
  journal = {Biology Direct},
}


@article{Mudge_2015,
  doi = {10.1007/s00335-015-9583-x},
  url = {http://dx.doi.org/10.1007/s00335-015-9583-x},
  year = {2015},
  month = {jul},
  publisher = {Springer Science $\mathplus$ Business Media},
  volume = {26},
  number = {9-10},
  pages = {366--378},
  author = {J.M. Mudge and J. Harrow},
  title = {{Creating reference gene annotation for the mouse C57BL6/J genome assembly}},
  journal = {Mamm Genome},
}


@article{Dobin_2012,
  doi = {10.1093/bioinformatics/bts635},
  url = {http://dx.doi.org/10.1093/bioinformatics/bts635},
  year = {2012},
  month = {oct},
  publisher = {Oxford University Press ({OUP})},
  volume = {29},
  number = {1},
  pages = {15--21},
  author = {A. Dobin and C.A. Davis and F. Schlesinger and J. Drenkow and C. Zaleski and S. Jha and P. Batut and M. Chaisson and T.R. Gingeras},
  title = {{{STAR}: ultrafast universal {RNA}-seq aligner}},
  journal = {Bioinformatics},
}


@article{Mi_2015,
  doi = {10.1093/nar/gkv1194},
  url = {http://dx.doi.org/10.1093/nar/gkv1194},
  year = {2015},
  month = {nov},
  publisher = {Oxford University Press ({OUP})},
  volume = {44},
  number = {D1},
  pages = {D336--D342},
  author = {H. Mi and S. Poudel and A. Muruganujan and J.T. Casagrande and P.D. Thomas},
  title = {{{PANTHER} version 10: expanded protein families and functions and analysis tools}},
  journal = {Nucleic Acids Res},
}


@article{Andreadis_1987,
  doi = {10.1146/annurev.cb.03.110187.001231},
  url = {http://dx.doi.org/10.1146/annurev.cb.03.110187.001231},
  year = {1987},
  month = {nov},
  publisher = {Annual Reviews},
  volume = {3},
  number = {1},
  pages = {207--242},
  author = {A. Andreadis and M.E. Gallego and B. Nadal-Ginard},
  title = {{Generation of Protein Isoform Diversity by Alternative Splicing: Mechanistic and Biological Implications}},
  journal = {Annual Review of Cell Biology},
}


@article{Zhang_2014,
  doi = {10.1523/jneurosci.1860-14.2014},
  url = {http://dx.doi.org/10.1523/jneurosci.1860-14.2014},
  year = {2014},
  month = {sep},
  publisher = {Society for Neuroscience},
  volume = {34},
  number = {36},
  pages = {11929--11947},
  author = {Y. Zhang and K. Chen and S.A. Sloan and M.L. Bennett and A.R. Scholze and S. O{\textquotesingle}Keeffe and H.P. Phatnani and P. Guarnieri and C. Caneda and N. Ruderisch et al.},
  title = {{An {RNA}-Sequencing Transcriptome and Splicing Database of Glia Neurons, and Vascular Cells of the Cerebral Cortex}},
  journal = {Journal of Neuroscience},
}


@article{Pervouchine_2012,
  doi = {10.1093/bioinformatics/bts678},
  url = {http://dx.doi.org/10.1093/bioinformatics/bts678},
  year = {2012},
  month = {nov},
  publisher = {Oxford University Press ({OUP})},
  volume = {29},
  number = {2},
  pages = {273--274},
  author = {D.D. Pervouchine and D.G. Knowles and R. Guigo},
  title = {{Intron-centric estimation of alternative splicing from {RNA}-seq data}},
  journal = {Bioinformatics},
}


@article{Marinov_2013,
  doi = {10.1101/gr.161034.113},
  url = {http://dx.doi.org/10.1101/gr.161034.113},
  year = {2013},
  month = {dec},
  publisher = {Cold Spring Harbor Laboratory Press},
  volume = {24},
  number = {3},
  pages = {496--510},
  author = {G.K. Marinov and B.A. Williams and K.McCue and G.P. Schroth and J. Gertz and R.M. Myers and B.J. Wold},
  title = {{From single-cell to cell-pool transcriptomes: Stochasticity in gene expression and {RNA} splicing}},
  journal = {Genome Research},
}


@article{Cahoy_2008,
  doi = {10.1523/jneurosci.4178-07.2008},
  url = {http://dx.doi.org/10.1523/jneurosci.4178-07.2008},
  year = {2008},
  month = {jan},
  publisher = {Society for Neuroscience},
  volume = {28},
  number = {1},
  pages = {264--278},
  author = {J.D. Cahoy and B. Emery and A. Kaushal and L.C. Foo and J.L. Zamanian and K.S. Christopherson and Y. Xing and J.L. Lubischer and P.A. Krieg and S.A. Krupenko et al.},
  title = {{A Transcriptome Database for Astrocytes Neurons, and Oligodendrocytes: A New Resource for Understanding Brain Development and Function}},
  journal = {Journal of Neuroscience},
}


@article{Doyle_2009,
  doi = {10.1016/j.cell.2009.11.011},
  url = {http://dx.doi.org/10.1016/j.cell.2009.11.011},
  year = {2009},
  month = {nov},
  publisher = {Elsevier {BV}},
  volume = {139},
  number = {5},
  pages = {1022},
  author = {J.P. Doyle and J.D. Dougherty and M. Heiman and E.F. Schmidt and T.R. Stevens and G. Ma and S. Bupp and P. Shrestha and R.D. Shah and M.L. Doughty et al.},
  title = {{Application of a Translational Profiling Approach for the Comparative Analysis of {CNS} Cell Types}},
  journal = {Cell},
}


@article{Heiman_2008,
  doi = {10.1016/j.cell.2008.10.028},
  url = {http://dx.doi.org/10.1016/j.cell.2008.10.028},
  year = {2008},
  month = {nov},
  publisher = {Elsevier {BV}},
  volume = {135},
  number = {4},
  pages = {738--748},
  author = {M. Heiman and A. Schaefer and S. Gong and J.D. Peterson and M. Day and K.E. Ramsey and M. Su{\'{a}}rez-Fari{\~{n}}as and C. Schwarz and D.A. Stephan and D.J. Surmeier et al.},
  title = {{A Translational Profiling Approach for the Molecular Characterization of {CNS} Cell Types}},
  journal = {Cell},
}


@article{Zeisel_2015,
  doi = {10.1126/science.aaa1934},
  url = {http://dx.doi.org/10.1126/science.aaa1934},
  year = {2015},
  month = {feb},
  publisher = {American Association for the Advancement of Science ({AAAS})},
  volume = {347},
  number = {6226},
  pages = {1138--1142},
  author = {A. Zeisel and A. B. Munoz-Manchado and S. Codeluppi and P. Lonnerberg and G. La Manno and A. Jureus and S. Marques and H. Munguba and L. He and C. Betsholtz et al.},
  title = {{Cell types in the mouse cortex and hippocampus revealed by single-cell {RNA}-seq}},
  journal = {Science},
}


@article{Hayer_2015,
  doi = {10.1093/bioinformatics/btv488},
  url = {http://dx.doi.org/10.1093/bioinformatics/btv488},
  year = {2015},
  month = {sep},
  publisher = {Oxford University Press ({OUP})},
  pages = {btv488},
  author = {Katharina E. Hayer and Angel Pizarro and Nicholas F. Lahens and John B. Hogenesch and Gregory R. Grant},
  title = {{Benchmark analysis of algorithms for determining and quantifying full-length {mRNA} splice forms from {RNA}-seq data}},
  journal = {Bioinformatics},
}


@article{Tsuchida_1994,
  doi = {10.1016/0092-8674(94)90027-2},
  url = {http://dx.doi.org/10.1016/0092-8674(94)90027-2},
  year = {1994},
  month = {dec},
  publisher = {Elsevier {BV}},
  volume = {79},
  number = {6},
  pages = {957--970},
  author = {T. Tsuchida and M. Ensini and S.B. Morton and M. Baldassare and T. Edlund and T.M. Jessell and S.L. Pfaff},
  title = {{Topographic organization of embryonic motor neurons defined by expression of {LIM} homeobox genes}},
  journal = {Cell},
}


@article{Shirasaki_2002,
  doi = {10.1146/annurev.neuro.25.112701.142916},
  url = {http://dx.doi.org/10.1146/annurev.neuro.25.112701.142916},
  year = {2002},
  month = {mar},
  publisher = {Annual Reviews},
  volume = {25},
  number = {1},
  pages = {251--281},
  author = {Ryuichi Shirasaki and Samuel L. Pfaff},
  title = {{Transcriptional codes and the control of neuronal identity}},
  journal = {Annu. Rev. Neurosci.},
}


@article{Lipscombe_2005,
  doi = {10.1016/j.conb.2005.04.002},
  url = {http://dx.doi.org/10.1016/j.conb.2005.04.002},
  year = {2005},
  month = {jun},
  publisher = {Elsevier {BV}},
  volume = {15},
  number = {3},
  pages = {358--363},
  author = {Diane Lipscombe},
  title = {{Neuronal proteins custom designed by alternative splicing}},
  journal = {Current Opinion in Neurobiology},
}


@article{Madisen_2009,
  doi = {10.1038/nn.2467},
  url = {http://dx.doi.org/10.1038/nn.2467},
  year = {2009},
  month = {dec},
  publisher = {Nature Publishing Group},
  volume = {13},
  number = {1},
  pages = {133--140},
  author = {Linda Madisen and Theresa A Zwingman and Susan M Sunkin and Seung Wook Oh and Hatim A Zariwala and Hong Gu and Lydia L Ng and Richard D Palmiter and Michael J Hawrylycz and Allan R Jones et al.},
  title = {{A robust and high-throughput Cre reporting and characterization system for the whole mouse brain}},
  journal = {Nature Neuroscience},
}


@article{Gong_2007,
  doi = {10.1523/jneurosci.2707-07.2007},
  url = {http://dx.doi.org/10.1523/jneurosci.2707-07.2007},
  year = {2007},
  month = {sep},
  publisher = {Society for Neuroscience},
  volume = {27},
  number = {37},
  pages = {9817--9823},
  author = {S. Gong and M. Doughty and C. R. Harbaugh and A. Cummins and M. E. Hatten and N. Heintz and C. R. Gerfen},
  title = {{Targeting Cre Recombinase to Specific Neuron Populations with Bacterial Artificial Chromosome Constructs}},
  journal = {Journal of Neuroscience},
}


@article{Langmead_2012,
  doi = {10.1038/nmeth.1923},
  url = {http://dx.doi.org/10.1038/nmeth.1923},
  year = {2012},
  month = {mar},
  publisher = {Nature Publishing Group},
  volume = {9},
  number = {4},
  pages = {357--359},
  author = {Ben Langmead and Steven L Salzberg},
  title = {{Fast gapped-read alignment with Bowtie 2}},
  journal = {Nature Methods},
}


@article{Quinlan_2010,
  doi = {10.1093/bioinformatics/btq033},
  url = {http://dx.doi.org/10.1093/bioinformatics/btq033},
  year = {2010},
  month = {jan},
  publisher = {Oxford University Press ({OUP})},
  volume = {26},
  number = {6},
  pages = {841--842},
  author = {A. R. Quinlan and I. M. Hall},
  title = {{{BEDTools}: a flexible suite of utilities for comparing genomic features}},
  journal = {Bioinformatics},
}


@article{Pertea_2015,
  doi = {10.1038/nbt.3122},
  url = {http://dx.doi.org/10.1038/nbt.3122},
  year = {2015},
  month = {feb},
  publisher = {Nature Publishing Group},
  volume = {33},
  number = {3},
  pages = {290--295},
  author = {Mihaela Pertea and Geo M Pertea and Corina M Antonescu and Tsung-Cheng Chang and Joshua T Mendell and Steven L Salzberg},
  title = {{{StringTie} enables improved reconstruction of a transcriptome from {RNA}-seq reads}},
  journal = {Nat Biotechnol},
}


@article{Trapnell_2010,
  doi = {10.1038/nbt.1621},
  url = {http://dx.doi.org/10.1038/nbt.1621},
  year = {2010},
  month = {may},
  publisher = {Nature Publishing Group},
  volume = {28},
  number = {5},
  pages = {511--515},
  author = {Cole Trapnell and Brian A Williams and Geo Pertea and Ali Mortazavi and Gordon Kwan and Marijke J van Baren and Steven L Salzberg and Barbara J Wold and Lior Pachter},
  title = {{Transcript assembly and quantification by {RNA}-Seq reveals unannotated transcripts and isoform switching during cell differentiation}},
  journal = {Nat Biotechnol},
}


@article{Pruitt_2013,
  doi = {10.1093/nar/gkt1114},
  url = {http://dx.doi.org/10.1093/nar/gkt1114},
  year = {2013},
  month = {nov},
  publisher = {Oxford University Press ({OUP})},
  volume = {42},
  number = {D1},
  pages = {D756--D763},
  author = {Kim D. Pruitt and Garth R. Brown and Susan M. Hiatt and Fran{\c{c}}oise Thibaud-Nissen and Alexander Astashyn and Olga Ermolaeva and Catherine M. Farrell and Jennifer Hart and Melissa J. Landrum and Kelly M. McGarvey and Michael R. Murphy and Nuala A. O'Leary and Shashikant Pujar and Bhanu Rajput and Sanjida H. Rangwala and Lillian D. Riddick and Andrei Shkeda and Hanzhen Sun and Pamela Tamez and Raymond E. Tully and Craig Wallin and David Webb and Janet Weber and Wendy Wu and Michael DiCuccio and Paul Kitts and Donna R. Maglott and Terence D. Murphy and James M. Ostell},
  title = {{{RefSeq}: an update on mammalian reference sequences}},
  journal = {Nucleic Acids Research},
}


@article{Chinwalla_2002,
  doi = {10.1038/nature01262},
  url = {http://dx.doi.org/10.1038/nature01262},
  year = {2002},
  month = {dec},
  publisher = {Nature Publishing Group},
  volume = {420},
  number = {6915},
  pages = {520--562},
  author = {Asif T. Chinwalla and Lisa L. Cook and Kimberly D. Delehaunty and Ginger A. Fewell and Lucinda A. Fulton and Robert S. Fulton and Tina A. Graves and LaDeana W. Hillier and Elaine R. Mardis and John D. McPherson et al.},
  title = {{Initial sequencing and comparative analysis of the mouse genome}},
  journal = {Nature},
}


@article{Simons_2005,
  doi = {10.1101/gr.4624306},
  url = {http://dx.doi.org/10.1101/gr.4624306},
  year = {2005},
  month = {dec},
  publisher = {Cold Spring Harbor Laboratory Press},
  volume = {16},
  number = {2},
  pages = {164--172},
  author = {C. Simons},
  title = {{Transposon-free regions in mammalian genomes}},
  journal = {Genome Research},
}


@article{Macosko_2015,
  doi = {10.1016/j.cell.2015.05.002},
  url = {http://dx.doi.org/10.1016/j.cell.2015.05.002},
  year = {2015},
  month = {may},
  publisher = {Elsevier {BV}},
  volume = {161},
  number = {5},
  pages = {1202--1214},
  author = {Evan~Z. Macosko and Anindita Basu and Rahul Satija and James Nemesh and Karthik Shekhar and Melissa Goldman and Itay Tirosh and Allison~R. Bialas and Nolan Kamitaki and Emily~M. Martersteck et al.},
  title = {{Highly Parallel Genome-wide Expression Profiling of Individual Cells Using Nanoliter Droplets}},
  journal = {Cell},
}


@article{Grow_2015,
  doi = {10.1038/nature14308},
  url = {http://dx.doi.org/10.1038/nature14308},
  year = {2015},
  month = {apr},
  publisher = {Nature Publishing Group},
  volume = {522},
  number = {7555},
  pages = {221--225},
  author = {Edward J. Grow and Ryan A. Flynn and Shawn L. Chavez and Nicholas L. Bayless and Mark Wossidlo and Daniel J. Wesche and Lance Martin and Carol B. Ware and Catherine A. Blish and Howard Y. Chang and Renee A. Reijo Pera and Joanna Wysocka},
  title = {{Intrinsic retroviral reactivation in human preimplantation embryos and pluripotent cells}},
  journal = {Nature},
}


@article{Muotri_2006,
  doi = {10.1038/nature04959},
  url = {http://dx.doi.org/10.1038/nature04959},
  year = {2006},
  month = {jun},
  publisher = {Nature Publishing Group},
  volume = {441},
  number = {7097},
  pages = {1087--1093},
  author = {Alysson R. Muotri and Fred H. Gage},
  title = {{Generation of neuronal variability and complexity}},
  journal = {Nature},
}


@article{Masland_2004,
  doi = {10.1016/j.cub.2004.06.035},
  url = {http://dx.doi.org/10.1016/j.cub.2004.06.035},
  year = {2004},
  month = {jul},
  publisher = {Elsevier {BV}},
  volume = {14},
  number = {13},
  pages = {R497--R500},
  author = {Richard H Masland},
  title = {{Neuronal cell types}},
  journal = {Current Biology},
}


@article{Siegert_2012,
  doi = {10.1038/nn.3032},
  url = {http://dx.doi.org/10.1038/nn.3032},
  year = {2012},
  month = {jan},
  publisher = {Nature Publishing Group},
  volume = {15},
  number = {3},
  pages = {487--495},
  author = {Sandra Siegert and Erik Cabuy and Brigitte Gross Scherf and Hubertus Kohler and Satchidananda Panda and Yun-Zheng Le and Hans Jörg Fehling and Dimos Gaidatzis and Michael B Stadler and Botond Roska},
  title = {{Transcriptional code and disease map for adult retinal cell types}},
  journal = {Nature Neuroscience},
}


@article{Arendt_2008,
  doi = {10.1038/nrg2416},
  url = {http://dx.doi.org/10.1038/nrg2416},
  year = {2008},
  month = {nov},
  publisher = {Nature Publishing Group},
  volume = {9},
  number = {11},
  pages = {868--882},
  author = {Detlev Arendt},
  title = {{The evolution of cell types in animals: emerging principles from molecular studies}},
  journal = {Nat Rev Genet},
}


@article{King_2013,
  doi = {10.1038/nature12504},
  url = {http://dx.doi.org/10.1038/nature12504},
  year = {2013},
  month = {aug},
  publisher = {Nature Publishing Group},
  volume = {501},
  number = {7465},
  pages = {58--62},
  author = {Ian F. King and Chandri N. Yandava and Angela M. Mabb and Jack S. Hsiao and Hsien-Sung Huang and Brandon L. Pearson and J. Mauro Calabrese and Joshua Starmer and Joel S. Parker and Terry Magnuson et al.},
  title = {{Topoisomerases facilitate transcription of long genes linked to autism}},
  journal = {Nature},
}


@article{Gabel_2015,
  doi = {10.1038/nature14319},
  url = {http://dx.doi.org/10.1038/nature14319},
  year = {2015},
  month = {mar},
  publisher = {Nature Publishing Group},
  volume = {522},
  number = {7554},
  pages = {89--93},
  author = {Harrison W. Gabel and Benyam Kinde and Hume Stroud and Caitlin S. Gilbert and David A. Harmin and Nathaniel R. Kastan and Martin Hemberg and Daniel H. Ebert and Michael E. Greenberg},
  title = {{Disruption of {DNA}-methylation-dependent long gene repression in Rett syndrome}},
  journal = {Nature},
}


@book{0195074017,
  author = {S. Ramon y Cajal},
  title = {{Histology of the Nervous System of Man and Vertebrates (History of Neuroscience, No 6) (2 Volume Set)}},
  publisher = {Oxford University Press},
  year = {1995},
  isbn = {0195074017},
  url = {http://www.amazon.com/Histology-Nervous-Vertebrates-History-Neuroscience/dp/0195074017%3FSubscriptionId%3D0JYN1NVW651KCA56C102%26tag%3Dtechkie-20%26linkCode%3Dxm2%26camp%3D2025%26creative%3D165953%26creativeASIN%3D0195074017},
}


@article{Sela_2007,
  doi = {10.1186/gb-2007-8-6-r127},
  url = {http://dx.doi.org/10.1186/gb-2007-8-6-r127},
  year = {2007},
  publisher = {Springer Science $\mathplus$ Business Media},
  volume = {8},
  number = {6},
  pages = {R127},
  author = {Noa Sela and Britta Mersch and Nurit Gal-Mark and Galit Lev-Maor and Agnes Hotz-Wagenblatt and Gil Ast},
  title = {{Comparative analysis of transposed element insertion within human and mouse genomes reveals Alu{\textquotesingle}s unique role in shaping the human transcriptome}},
  journal = {Genome Biol},
}


@article{Bertrand_2002,
  doi = {10.1038/nrn874},
  url = {http://dx.doi.org/10.1038/nrn874},
  year = {2002},
  month = {jul},
  publisher = {Nature Publishing Group},
  volume = {3},
  number = {7},
  pages = {517--530},
  author = {Nicolas Bertrand and Diogo S. Castro and Fran{\c{c}}ois Guillemot},
  title = {{Proneural genes and the specification of neural cell types}},
  journal = {Nat. Rev. Neurosci.},
}


@article{Okaty_2009,
  doi = {10.1523/jneurosci.0105-09.2009},
  url = {http://dx.doi.org/10.1523/jneurosci.0105-09.2009},
  year = {2009},
  month = {may},
  publisher = {Society for Neuroscience},
  volume = {29},
  number = {21},
  pages = {7040--7052},
  author = {B. W. Okaty and M. N. Miller and K. Sugino and C. M. Hempel and S. B. Nelson},
  title = {{Transcriptional and Electrophysiological Maturation of Neocortical Fast-Spiking {GABAergic} Interneurons}},
  journal = {Journal of Neuroscience},
}


@article{Grishkevich_2014,
  doi = {10.1101/gr.169722.113},
  url = {http://dx.doi.org/10.1101/gr.169722.113},
  year = {2014},
  month = {jul},
  publisher = {Cold Spring Harbor Laboratory Press},
  volume = {24},
  number = {9},
  pages = {1497--1503},
  author = {Vladislav Grishkevich and Itai Yanai},
  title = {{Gene length and expression level shape genomic novelties}},
  journal = {Genome Research},
}


@article{Li_2012,
  doi = {10.1371/journal.pone.0046784},
  url = {http://dx.doi.org/10.1371/journal.pone.0046784},
  year = {2012},
  month = {oct},
  publisher = {Public Library of Science ({PLoS})},
  volume = {7},
  number = {10},
  pages = {e46784},
  author = {Huimin Li and Dan Chen and Jing Zhang},
  editor = {Dmitry I. Nurminsky},
  title = {{Analysis of Intron Sequence Features Associated with Transcriptional Regulation in Human Genes}},
  journal = {{PLoS} {ONE}},
}


@article{Levine_2003,
  doi = {10.1038/nature01763},
  url = {http://dx.doi.org/10.1038/nature01763},
  year = {2003},
  month = {jul},
  publisher = {Nature Publishing Group},
  volume = {424},
  number = {6945},
  pages = {147--151},
  author = {Michael Levine and Robert Tjian},
  title = {{Transcription regulation and animal diversity}},
  journal = {Nature},
}


@article{20436464,
  title = {{Transcript assembly and quantification by RNA-Seq reveals unannotated transcripts and isoform switching during cell differentiation.}},
  date = {2010 May},
  source = {Nat Biotechnol},
  authors = {Trapnell, C and Williams, BA and Pertea, G and Mortazavi, A and Kwan, G and van, Baren MJ and Salzberg, SL and Wold, BJ and Pachter, L},
  author = {Trapnell, C and Williams, BA and Pertea, G and Mortazavi, A and Kwan, G and van, Baren MJ and Salzberg, SL and Wold, BJ and Pachter, L},
  year = {2010},
  month = {May},
  journal = {Nat Biotechnol},
  volume = {28},
  number = {},
  pages = {511-5},
  pubmed_id = {20436464},
}


@article{Wang_2013,
  doi = {10.1093/nar/gkt006},
  url = {http://dx.doi.org/10.1093/nar/gkt006},
  year = {2013},
  month = {jan},
  publisher = {Oxford University Press ({OUP})},
  volume = {41},
  number = {6},
  pages = {e74--e74},
  author = {L. Wang and H. J. Park and S. Dasari and S. Wang and J.-P. Kocher and W. Li},
  title = {{{CPAT}: Coding-Potential Assessment Tool using an alignment-free logistic regression model}},
  journal = {Nucleic Acids Research},
}


@article{Feschotte_2008,
  doi = {10.1038/nrg2337},
  url = {http://dx.doi.org/10.1038/nrg2337},
  year = {2008},
  month = {may},
  publisher = {Nature Publishing Group},
  volume = {9},
  number = {5},
  pages = {397--405},
  author = {C{\'{e}}dric Feschotte},
  title = {{Transposable elements and the evolution of regulatory networks}},
  journal = {Nat Rev Genet},
}


@article{Cembrowski_2016,
  doi = {10.7554/elife.14997},
  url = {http://dx.doi.org/10.7554/eLife.14997},
  year = {2016},
  month = {apr},
  publisher = {{eLife} Sciences Organisation Ltd.},
  volume = {5},
  author = {Mark S Cembrowski and Lihua Wang and Ken Sugino and Brenda C Shields and Nelson Spruston},
  title = {{Hipposeq: a comprehensive {RNA}-seq database of gene expression in hippocampal principal neurons}},
  journal = {{eLife}},
}


@article{Shima_2016,
  doi = {10.7554/elife.13503},
  url = {http://dx.doi.org/10.7554/eLife.13503},
  year = {2016},
  month = {mar},
  publisher = {{eLife} Sciences Organisation Ltd.},
  volume = {5},
  author = {Yasuyuki Shima and Ken Sugino and Chris Martin Hempel and Masami Shima and Praveen Taneja and James B Bullis and Sonam Mehta and Carlos Lois and Sacha B Nelson},
  title = {{A Mammalian enhancer trap resource for discovering and manipulating neuronal cell types}},
  journal = {{eLife}},
}


@article{Zylka_2015,
  doi = {10.1016/j.neuron.2015.03.059},
  url = {http://dx.doi.org/10.1016/j.neuron.2015.03.059},
  year = {2015},
  month = {apr},
  publisher = {Elsevier {BV}},
  volume = {86},
  number = {2},
  pages = {353--355},
  author = {Mark~J. Zylka and Jeremy~M. Simon and Benjamin~D. Philpot},
  title = {{Gene Length Matters in Neurons}},
  journal = {Neuron},
}


@article{Wei_2016,
  doi = {10.1016/j.cell.2015.12.039},
  url = {http://dx.doi.org/10.1016/j.cell.2015.12.039},
  year = {2016},
  month = {feb},
  publisher = {Elsevier {BV}},
  volume = {164},
  number = {4},
  pages = {644--655},
  author = {Pei-Chi Wei and Amelia~N. Chang and Jennifer Kao and Zhou Du and Robin~M. Meyers and Frederick~W. Alt and Bjoern Schwer},
  title = {{Long Neural Genes Harbor Recurrent {DNA} Break Clusters in Neural Stem/Progenitor Cells}},
  journal = {Cell},
}


@article{Tasic_2016,
  doi = {10.1038/nn.4216},
  url = {http://dx.doi.org/10.1038/nn.4216},
  year = {2016},
  month = {jan},
  publisher = {Nature Publishing Group},
  volume = {19},
  number = {2},
  pages = {335--346},
  author = {Bosiljka Tasic and Vilas Menon and Thuc Nghi Nguyen and Tae Kyung Kim and Tim Jarsky and Zizhen Yao and Boaz Levi and Lucas T Gray and Staci A Sorensen and Tim Dolbeare and Darren Bertagnolli and Jeff Goldy and Nadiya Shapovalova and Sheana Parry and Changkyu Lee and Kimberly Smith and Amy Bernard and Linda Madisen and Susan M Sunkin and Michael Hawrylycz and Christof Koch and Hongkui Zeng},
  title = {{Adult mouse cortical cell taxonomy revealed by single cell transcriptomics}},
  journal = {Nature Neuroscience},
}


@article{Nakajima_2014,
  doi = {10.1016/j.cell.2014.09.020},
  url = {http://dx.doi.org/10.1016/j.cell.2014.09.020},
  year = {2014},
  month = {oct},
  publisher = {Elsevier {BV}},
  volume = {159},
  number = {2},
  pages = {295--305},
  author = {Miho Nakajima and Andreas Görlich and Nathaniel Heintz},
  title = {{Oxytocin Modulates Female Sociosexual Behavior through a Specific Class of Prefrontal Cortical Interneurons}},
  journal = {Cell},
}


@article{Bass_2013,
  doi = {10.1038/nmeth.2728},
  url = {http://dx.doi.org/10.1038/nmeth.2728},
  year = {2013},
  month = {nov},
  publisher = {Nature Publishing Group},
  volume = {10},
  number = {12},
  pages = {1169--1176},
  author = {Juan I Fuxman Bass and Alos Diallo and Justin Nelson and Juan M Soto and Chad L Myers and Albertha J M Walhout},
  title = {{Using networks to measure similarity between genes: association index selection}},
  journal = {Nature Methods},
}


@article{Weyer_2011,
  doi = {10.1038/emboj.2011.119},
  url = {http://dx.doi.org/10.1038/emboj.2011.119},
  year = {2011},
  month = {apr},
  publisher = {Wiley-Blackwell},
  volume = {30},
  number = {11},
  pages = {2266--2280},
  author = {Sascha W Weyer and Maja Klevanski and Andrea Delekate and Vootele Voikar and Dorothee Aydin and Meike Hick and Mikhail Filippov and Natalia Drost and Kristin L Schaller and Martina Saar and Miriam A Vogt and Peter Gass and Ayan Samanta and Andres Jäschke and Martin Korte and David P Wolfer and John H Caldwell and Ulrike C Müller},
  title = {{{APP} and {APLP}2 are essential at {PNS} and {CNS} synapses for transmission spatial learning and {LTP}}},
  journal = {The {EMBO} Journal},
}


@article{Castro_1990,
  doi = {10.1016/0014-5793(90)80926-a},
  url = {http://dx.doi.org/10.1016/0014-5793(90)80926-a},
  year = {1990},
  month = {jul},
  publisher = {Wiley-Blackwell},
  volume = {267},
  number = {2},
  pages = {207--212},
  author = {Maria Castro and Cara Berman Marks and Björn Nilsson and Stephen Anderson},
  title = {{Does the Kunitz domain from the Alzheimer{\textquotesingle}s amyloid $\upbeta$ protein precursor inhibit a kallikrein responsible for post-translational processing of nerve growth factor precursor?}},
  journal = {{{{{{{{{{{{{{{{{{{FEBS} Letters}}}}}}}}}}}}}}}}}}},
}


@article{Schiller_2006,
  doi = {10.1074/jbc.m512482200},
  url = {http://dx.doi.org/10.1074/jbc.m512482200},
  year = {2006},
  month = {apr},
  publisher = {American Society for Biochemistry {\&} Molecular Biology ({ASBMB})},
  volume = {281},
  number = {27},
  pages = {18774--18786},
  author = {M. R. Schiller and K. Chakrabarti and G. F. King and N. I. Schiller and B. A. Eipper and M. W. Maciejewski},
  title = {{Regulation of {RhoGEF} Activity by Intramolecular and Intermolecular {SH}3 Domain Interactions}},
  journal = {Journal of Biological Chemistry},
}


@article{Penzes_2008,
  doi = {10.1016/j.tins.2008.06.001},
  url = {http://dx.doi.org/10.1016/j.tins.2008.06.001},
  year = {2008},
  month = {aug},
  publisher = {Elsevier {BV}},
  volume = {31},
  number = {8},
  pages = {419--427},
  author = {Peter Penzes and Kelly A. Jones},
  title = {{Dendritic spine dynamics {\textendash} a key role for kalirin-7}},
  journal = {Trends in Neurosciences},
}


@article{Yan_2015,
  doi = {10.1073/pnas.1502849112},
  url = {http://dx.doi.org/10.1073/pnas.1502849112},
  year = {2015},
  month = {mar},
  publisher = {Proceedings of the National Academy of Sciences},
  volume = {112},
  number = {11},
  pages = {3445--3450},
  author = {Qinghong Yan and Sebastien M. Weyn-Vanhentenryck and Jie Wu and Steven A. Sloan and Ye Zhang and Kenian Chen and Jia Qian Wu and Ben A. Barres and Chaolin Zhang},
  title = {{Systematic discovery of regulated and conserved alternative exons in the mammalian brain reveals {NMD} modulating chromatin regulators}},
  journal = {Proceedings of the National Academy of Sciences},
}


@article{Nagy_1998,
  doi = {10.1016/s0968-0004(98)01208-0},
  url = {http://dx.doi.org/10.1016/s0968-0004(98)01208-0},
  year = {1998},
  month = {jun},
  publisher = {Elsevier {BV}},
  volume = {23},
  number = {6},
  pages = {198--199},
  author = {Eszter Nagy and Lynne E Maquat},
  title = {{A rule for termination-codon position within intron-containing genes: when nonsense affects {RNA} abundance}},
  journal = {Trends in Biochemical Sciences},
}


@article{Eom_2013,
  doi = {10.7554/elife.00178},
  url = {http://dx.doi.org/10.7554/elife.00178},
  year = {2013},
  month = {jan},
  publisher = {{eLife} Sciences Organisation Ltd.},
  volume = {2},
  author = {Taesun Eom and Chaolin Zhang and Huidong Wang and Kenneth Lay and John Fak and Jeffrey L Noebels and Robert B Darnell},
  title = {{{NOVA}-dependent regulation of cryptic {NMD} exons controls synaptic protein levels after seizure}},
  journal = {{{{{{eLife}}}}}}},
}


@article{Sammeth_2009,
  doi = {10.1089/cmb.2009.0108},
  url = {http://dx.doi.org/10.1089/cmb.2009.0108},
  year = {2009},
  month = {aug},
  publisher = {Mary Ann Liebert Inc},
  volume = {16},
  number = {8},
  pages = {1117--1140},
  author = {Michael Sammeth},
  title = {{Complete Alternative Splicing Events Are Bubbles in Splicing Graphs}},
  journal = {Journal of Computational Biology},
}


@article{Sammeth_2008,
  doi = {10.1371/journal.pcbi.1000147},
  url = {http://dx.doi.org/10.1371/journal.pcbi.1000147},
  year = {2008},
  month = {aug},
  publisher = {Public Library of Science ({PLoS})},
  volume = {4},
  number = {8},
  pages = {e1000147},
  author = {Michael Sammeth and Sylvain Foissac and Roderic Guig{\'{o}}},
  editor = {Michael R. Brent},
  title = {{A General Definition and Nomenclature for Alternative Splicing Events}},
  journal = {{{{{{{{{{{{PLoS} Computational Biology}}}}}}}}}}}},
}


@article{Finn_2015,
  doi = {10.1093/nar/gkv1344},
  url = {http://dx.doi.org/10.1093/nar/gkv1344},
  year = {2015},
  month = {dec},
  publisher = {Oxford University Press ({OUP})},
  volume = {44},
  number = {D1},
  pages = {D279--D285},
  author = {Robert D. Finn and Penelope Coggill and Ruth Y. Eberhardt and Sean R. Eddy and Jaina Mistry and Alex L. Mitchell and Simon C. Potter and Marco Punta and Matloob Qureshi and Amaia Sangrador-Vegas and Gustavo A. Salazar and John Tate and Alex Bateman},
  title = {{The Pfam protein families database: towards a more sustainable future}},
  journal = {Nucleic Acids Res},
}


@article{Serrano_Pozo_2011,
  doi = {10.1101/cshperspect.a006189},
  url = {http://dx.doi.org/10.1101/cshperspect.a006189},
  year = {2011},
  month = {sep},
  publisher = {Cold Spring Harbor Laboratory Press},
  volume = {1},
  number = {1},
  pages = {a006189--a006189},
  author = {A. Serrano-Pozo and M. P. Frosch and E. Masliah and B. T. Hyman},
  title = {{Neuropathological Alterations in Alzheimer Disease}},
  journal = {Cold Spring Harbor Perspectives in Medicine},
}


@article{Sorek_2007,
  doi = {10.1261/rna.682507},
  url = {http://dx.doi.org/10.1261/rna.682507},
  year = {2007},
  month = {aug},
  publisher = {Cold Spring Harbor Laboratory Press},
  volume = {13},
  number = {10},
  pages = {1603--1608},
  author = {R. Sorek},
  title = {{The birth of new exons: Mechanisms and evolutionary consequences}},
  journal = {{{{{{{RNA}}}}}}}},
}


@article{Ecco_2016,
  doi = {10.1016/j.devcel.2016.02.024},
  url = {http://dx.doi.org/10.1016/j.devcel.2016.02.024},
  year = {2016},
  month = {mar},
  publisher = {Elsevier {BV}},
  volume = {36},
  number = {6},
  pages = {611--623},
  author = {Gabriela Ecco and Marco Cassano and Annamaria Kauzlaric and Julien Duc and Andrea Coluccio and Sandra Offner and Michaël Imbeault and Helen~M. Rowe and Priscilla Turelli and Didier Trono},
  title = {{Transposable Elements and Their {KRAB}-{ZFP} Controllers Regulate Gene Expression in Adult Tissues}},
  journal = {Developmental Cell},
}


@article{Beckmann_2016,
  doi = {10.1515/hsz-2015-0263},
  url = {http://dx.doi.org/10.1515/hsz-2015-0263},
  year = {2016},
  month = {jan},
  publisher = {Walter de Gruyter {GmbH}},
  volume = {397},
  number = {8},
  author = {Anna-Madeleine Beckmann and Konstantin Glebov and Jochen Walter and Olaf Merkel and Martin Mangold and Frederike Schmidt and Christoph Becker-Pauly and Michael Gütschow and Marit Stirnberg},
  title = {{The intact Kunitz domain protects the amyloid precursor protein from being processed by matriptase-2}},
  journal = {Biological Chemistry},
}


@article{Graveley_2001,
  doi = {10.1016/s0168-9525(00)02176-4},
  url = {http://dx.doi.org/10.1016/s0168-9525(00)02176-4},
  year = {2001},
  month = {feb},
  publisher = {Elsevier {BV}},
  volume = {17},
  number = {2},
  pages = {100--107},
  author = {Brenton R. Graveley},
  title = {{Alternative splicing: increasing diversity in the proteomic world}},
  journal = {Trends in Genetics},
}


@article{Moffitt_2016,
  doi = {10.1073/pnas.1617699113},
  url = {https://doi.org/10.1073%2Fpnas.1617699113},
  year = {2016},
  month = {nov},
  publisher = {Proceedings of the National Academy of Sciences},
  volume = {113},
  number = {50},
  pages = {14456--14461},
  author = {Jeffrey R. Moffitt and Junjie Hao and Dhananjay Bambah-Mukku and Tian Lu and Catherine Dulac and Xiaowei Zhuang},
  title = {{High-performance multiplexed fluorescence in situ hybridization in culture and tissue with matrix imprinting and clearing}},
  journal = {Proceedings of the National Academy of Sciences},
}


@article{Johnson_2006,
  doi = {10.1093/nar/gkl525},
  url = {https://doi.org/10.1093%2Fnar%2Fgkl525},
  year = {2006},
  month = {jul},
  publisher = {Oxford University Press ({OUP})},
  volume = {34},
  number = {14},
  pages = {3862--3877},
  author = {R. Johnson},
  title = {{Identification of the {REST} regulon reveals extensive transposable element-mediated binding site duplication}},
  journal = {Nucleic Acids Research},
}
